@misc{ref1,
    month={oct},
    year={2017},
    note={https://fr.wikiversity.org/wiki/Loi_(math%C3%A9matiques)/Loi_interne}
}
